@article{Danielewicz2016,
author={Danielewicz et. al.},
year={2016},
title={Symmetry Energy 111: Isovector Skins},
journal={Nuclear Physics A},
volume={958},
pages={147-186}
}

@article{KD2003,
author={A.J. Koning and J.P. Delaroche},
year={2003},
title={Local and Global Nucleon Optical Models from 1 keV to 200 MeV},
journal={Nuclear Physics A},
volume={713},
pages={231-310}
}